@article{asanovic2014instruction,
  title={Instruction sets should be free: The case for {RISC-V}},
  author={Asanovi{\'c}, Krste and Patterson, David A},
  journal={EECS Department, University of California, Berkeley, Tech. Rep. UCB/EECS-2014-146},
  year={2014}
}

@article{8777130,
   author={F. {Zaruba} and L. {Benini}},
   journal={IEEE Transactions on Very Large Scale Integration (VLSI) Systems},
   title={The Cost of Application-Class Processing: Energy and Performance Analysis of a Linux-Ready 1.7-GHz 64-Bit RISC-V Core in 22-nm FDSOI Technology},
   year={2019},
   volume={27},
   number={11},
   pages={2629-2640},
   doi={10.1109/TVLSI.2019.2926114},
   ISSN={1557-9999},
   month={Nov},
}

@ARTICLE{Hsiao-Hierarchical-2017,
  author={S. {Hsiao} and C. {Wen} and Y. {Chen} and K. {Huang}},
  journal={IEEE Transactions on Computers}, 
  title={Hierarchical Multipartite Function Evaluation}, 
  year={2017},
  volume={66},
  number={1},
  pages={89-99},
  doi={10.1109/TC.2016.2574314}}
  
@unpublished{DeDinechin_2020,
  TITLE = {{Lossless Differential Table Compression for Hardware Function Evaluation}},
  AUTHOR = {Christ, Maxime and Forget, Luc and de Dinechin, Florent},
  URL = {https://hal.archives-ouvertes.fr/hal-03040364},
  NOTE = {working paper or preprint},
  YEAR = {2020},
  MONTH = Dec,
  KEYWORDS = {Table of numerical values ; hardware function evaluation ; compression ; computer arithmetic ; ASIC ; FPGA},
  PDF = {https://hal.archives-ouvertes.fr/hal-03040364/file/2020-TCASII-TableCompression.pdf},
  HAL_ID = {hal-03040364},
  HAL_VERSION = {v1},
}

@INPROCEEDINGS{IBM_DL_Float16_ARITH19,
  author={A. {Agrawal} and S. M. {Mueller} and B. M. {Fleischer} and X. {Sun} and N. {Wang} and J. {Choi} and K. {Gopalakrishnan}},
  booktitle={2019 IEEE 26th Symposium on Computer Arithmetic (ARITH)}, 
  title={DLFloat: A 16-b Floating Point Format Designed for Deep Learning Training and Inference}, 
  year={2019},
  volume={},
  number={},
  pages={92-95},
  doi={10.1109/ARITH.2019.00023}}
  
@article{zuras2008ieee,
  title={IEEE standard for floating-point arithmetic},
  author={Zuras, Dan and Cowlishaw, Mike and Aiken, Alex and Applegate, Matthew and Bailey, David and Bass, Steve and Bhandarkar, Dileep and Bhat, Mahesh and Bindel, David and Boldo, Sylvie and others},
  journal={IEEE Std 754-2008},
  pages={1--70},
  year={2008},
  publisher={IEEE}
}
@article{navarro2016machine,
  title={A machine learning approach to pedestrian detection for autonomous vehicles using high-definition 3D range data},
  author={Navarro, Pedro J and Fern{\'a}ndez, Carlos and Borraz, Ra{\'u}l and Alonso, Diego},
  journal={Sensors},
  volume={17},
  number={1},
  pages={18},
  year={2016},
  publisher={Multidisciplinary Digital Publishing Institute}
}


@book{gustafson2015end,
  title={The End of Error: Unum Computing},
  author={Gustafson, John L},
  year={2015},
  publisher={Chapman and Hall/CRC}
}

@article{lecun2015deep,
  title={Deep learning},
  author={LeCun, Yann and Bengio, Yoshua and Hinton, Geoffrey},
  journal={Nature},
  volume={521},
  number={7553},
  pages={436},
  year={2015},
  publisher={Nature Publishing Group}
}
@article{gustafson2017beating,
  title={Beating Floating Point at its Own Game: Posit Arithmetic},
  author={Gustafson, John L and Yonemoto, Isaac T},
  journal={Supercomputing Frontiers and Innovations},
  volume={4},
  number={2},
  pages={71--86},
  year={2017}
}

@article{gustafson2016radical,
  title={A radical approach to computation with real numbers},
  author={Gustafson, John L},
  journal={Supercomputing Frontiers and Innovations},
  volume={3},
  number={2},
  pages={38--53},
  year={2016}
}
@article{gallo2017mixed,
  title={Mixed-precision training of deep neural networks using computational memory},
  author={Gallo, Manuel Le and Boybat, Irem and Rajendran, Bipin and Sebastian, Abu and Eleftheriou, Evangelos and others},
  journal={arXiv preprint arXiv:1712.01192},
  year={2017}
}

@techreport{Micikevicius,
title = {Mixed-Precision Training of Deep Neural Networks},
author = {Micikevicius, Paulius},
institution = {NVidia White Paper},
type={~October 2017},
}
%year = {2017},
%month = {October}


@techreport{intel2018Lower,
title = {Lower Numerical Precision Deep Learning Inference and Training},
author = {Rodriguez, Andres and Segal, Eden, and Meiri, Etay, and Fomenko,  Evarist, and Jim Kim, Young , and Shen, Haihao, and Barukh, Ziv},
institution = {Intel White Paper},
type={~January 2018},
}
%year = {2018},
%month = {January}


@inproceedings{koster2017flexpoint,
  title={Flexpoint: An adaptive numerical format for efficient training of deep neural networks},
  author={K{\"o}ster, Urs and Webb, Tristan and Wang, Xin and Nassar, Marcel and Bansal, Arjun K and Constable, William and Elibol, Oguz and Gray, Scott and Hall, Stewart and Hornof, Luke and others},
  booktitle={In Proc. of teh 31st Conference on Neural Information Processing Systems (NIPS'17)},
  pages={1742--1752},
  year={2017}
}


@misc{jorgensen2017apparatus,
  title={Apparatus for calculating and retaining a bound on error during floating point operations and methods thereof},
  author={Jorgensen, Alan A},
  year={2017},
  month={November},
  publisher={Google Patents},
  note={US Patent 9,817,662}
}

@inproceedings{bocco2017hardware,
  title={Hardware support for UNUM floating point arithmetic},
  author={Bocco, Andrea and Durand, Yves and De Dinechin, Florent},
  booktitle={Ph. D. Research in Microelectronics and Electronics (PRIME), 2017 13th Conference on},
  pages={93--96},
  year={2017},
  organization={IEEE}
}

@inproceedings{hou2017enhancing,
  title={Enhancing Precision and Bandwidth in Cloud Computing: Implementation of a Novel Floating-Point Format on FPGA},
  author={Hou, Junjie and Zhu, Yongxin and Shen, Yulan and Li, Mengjun and Wu, Qian and Wu, Han},
  booktitle={Cyber Security and Cloud Computing (CSCloud), 2017 IEEE 4th International Conference on},
  pages={310--315},
  year={2017},
  organization={IEEE}
}
@article{glaser2017826,
  title={An 826 MOPS, 210 uW/MHz Unum ALU in 65 nm},
  author={Glaser, Florian and Mach, Stefan and Rahimi, Abbas and G{\"u}rkaynak, Frank K and Huang, Qiuting and Benini, Luca},
  journal={arXiv preprint arXiv:1712.01021},
  year={2017}
}
@article{ingole2017reducing,
  title={Reducing Memory Footprints in Explicit Model Predictive Control using Universal Numbers},
  author={Ingole, Deepak and Kvasnica, Michal and De Silva, Himeshi and Gustafson, John},
  journal={IFAC-PapersOnLine},
  volume={50},
  number={1},
  pages={11595--11600},
  year={2017},
  publisher={Elsevier}
}
@inproceedings{koenig2017hardware,
  title={A Hardware Accelerator for Computing an Exact Dot Product},
  author={Koenig, Jack and Biancolin, David and Bachrach, Jonathan and Asanovic, Krste},
  booktitle={Computer Arithmetic (ARITH), 2017 IEEE 24th Symposium on},
  pages={114--121},
  year={2017},
  organization={IEEE}
}
@article{azarkhish2018neurostream,
  title={Neurostream: Scalable and energy efficient deep learning with smart memory cubes},
  author={Azarkhish, Erfan and Rossi, Davide and Loi, Igor and Benini, Luca},
  journal={IEEE Transactions on Parallel and Distributed Systems},
  volume={29},
  number={2},
  pages={420--434},
  year={2018},
  publisher={IEEE}
}
@article{tanzmeister2017evidential,
  title={Evidential Grid-Based Tracking and Mapping},
  author={Tanzmeister, Georg and Wollherr, Dirk},
  journal={IEEE Transactions on Intelligent Transportation Systems},
  volume={18},
  number={6},
  pages={1454--1467},
  year={2017},
  publisher={IEEE}
}
@article{saponara2017radar,
  title={Radar sensor signal acquisition and multidimensional FFT processing for surveillance applications in transport systems},
  author={Saponara, Sergio and Neri, Bruno},
  journal={IEEE Transactions on Instrumentation and Measurement},
  volume={66},
  number={4},
  pages={604--615},
  year={2017},
  publisher={IEEE}
}

@article{mubeen2017supporting,
  title={Supporting timing analysis of vehicular embedded systems through the refinement of timing constraints},
  author={Mubeen, Saad and Nolte, Thomas and Sj{\"o}din, Mikael and Lundb{\"a}ck, John and Lundb{\"a}ck, Kurt-Lennart},
  journal={Software \& Systems Modeling},
  pages={1--31},
  year={2017},
  publisher={Springer}
}

@misc{esk2018,
  year={2018},
  title={Future Vehicle Software Architectures},
  author={Fraunhofer(ESK)},
  howpublished = "\url{https://www.esk.fraunhofer.de/en/research/projects/adaptives_bordnetz.html}"}  
}

@misc{posit_standard_2022,
  year={2022},
  title={Standard for Posit(TM) Arithmetic (2022)},
  author={Posit Working Group},
  howpublished = "\url{https://posithub.org/docs/posit_standard-2.pdf}"}  
}

@misc{intelauto,
	author={Intel},
    title={Technology and computing requirements for self-driving cars},
    volume={doc. n. 0514/RH/CMD/PDF},
    year={2016}
}

@inproceedings{schroeder2017predicting,
  title={Predicting and Evaluating Software Model Growth in the Automotive Industry},
  author={Schroeder, Jan and Berger, Christian and Knauss, Alessia and Preenja, Harri and Ali, Mohammad and Staron, Miroslaw and Herpel, Thomas},
  booktitle={Software Maintenance and Evolution (ICSME), 2017 IEEE International Conference on},
  pages={584--593},
  year={2017},
  organization={IEEE}
}
@article{ebert2017automotive,
  title={Automotive Software},
  author={Ebert, Christof and Favaro, John},
  journal={IEEE Software},
  volume={34},
  number={3},
  pages={33--39},
  year={2017},
  publisher={IEEE}
}
 @MISC{eigenweb,
  author = {Ga\"{e}l Guennebaud and Beno\^{i}t Jacob and others},
  title = {Eigen v3},
  howpublished = {"\url{http://eigen.tuxfamily.org}"},
  year = {2010}
 }
 
  @MISC{riscvbsc,
  title = {V for vector: software exploration of the vector extension of RISC-V},
  howpublished = {"\url{ https://www.european-processor-initiative.eu/v-for-vector-software-exploration-of-the-vector-extension-of-risc-v/}"},
  year = {2020}
 }
 

 
@inproceedings{brunner2017automotive,
  title={Automotive E/E-architecture enhancements by usage of ethernet TSN},
  author={Brunner, Stefan and Roder, Jurgen and Kucera, Markus and Waas, Thomas},
  booktitle={Intelligent Solutions in Embedded Systems (WISES), 2017 13th Workshop on},
  pages={9--13},
  year={2017},
  organization={IEEE}
}

@article{Pieri2018,
  title={Consumer electronics is redesigning our cars? Challenges of integrated technologies for sensing, computing, and storage},
  author={Pieri, Francesco and Zambelli, Cristian and Nannini, Andrea and Olivo, Piero and Saponara, Sergio},
  journal={IEEE Consumer Electronics Magazine},
  volume={7},
  number={5},
  year={2018},  
  howpublished = {"\url{http://dx.doi.org/10.1109/MCE.2017.2771515}"},
  publisher={IEEE}
}

@inproceedings{vanhoucke8bit,
title = {Improving the speed of neural networks on CPUs},
author  = {Vincent Vanhoucke and Andrew Senior and Mark Z. Mao},
year  = {2011},
booktitle = {Deep Learning and Unsupervised Feature Learning Workshop, NIPS 2011}
}

@manual{iso2011,
  title = {ISO 26262-1:2011:Road Vehicles - Functional Safety},
  organization = {International Organization for standards (ISO)},
  year = {2011},  
  howpublished = "\url{http://www.iso.org/}"}  
}
}


@misc{softfloat,
author = {John R. Hauser},
title = {SoftFloat library, version 3e},
year = {2018 (accessed March 22, 2018)},
howpublished = "\url{http://www.jhauser.us/arithmetic/SoftFloat.html}"}


@InProceedings{gupta15,
  title = 	 {Deep Learning with Limited Numerical Precision},
  author = 	 {Suyog Gupta and Ankur Agrawal and Kailash Gopalakrishnan and Pritish Narayanan},
  booktitle = 	 {Proceedings of the 32nd International Conference on Machine Learning},
  pages = 	 {1737--1746},
  year = 	 {2015},
  editor = 	 {Francis Bach and David Blei},
  volume = 	 {37},
  series = 	 {Proceedings of Machine Learning Research},
  address = 	 {Lille, France},
  month = 	 {07--09 Jul},    
  }
  
@inproceedings{wu2018training,
title={Training and Inference with Integers in Deep Neural Networks},
author={Shuang Wu and Guoqi Li and Feng Chen and Luping Shi},
booktitle={International Conference on Learning Representations},
year={2018}
}

@article{pedamonti2018comparison,
  author    = {Dabal Pedamonti},
  title     = {Comparison of non-linear activation functions for deep neural networks
               on {MNIST} classification task},
  journal   = {CoRR},
  volume    = {abs/1804.02763},
  year      = {2018},
  url       = {http://arxiv.org/abs/1804.02763},
  archivePrefix = {arXiv},
  eprint    = {1804.02763},
  timestamp = {Mon, 13 Aug 2018 16:47:14 +0200},
  biburl    = {https://dblp.org/rec/bib/journals/corr/abs-1804-02763},
  bibsource = {dblp computer science bibliography, https://dblp.org}
}

@inproceedings{nair2010relu,
 author = {Nair, Vinod and Hinton, Geoffrey E.},
 title = {Rectified Linear Units Improve Restricted Boltzmann Machines},
 booktitle = {In Proc. of the 27th International Conference on International Conference on Machine Learning (ICML'10)},
  year = {2010},
 isbn = {978-1-60558-907-7},
 location = {Haifa, Israel},
 pages = {807--814},
 numpages = {8},
 url = {http://dl.acm.org/citation.cfm?id=3104322.3104425},
} 

@INPROCEEDINGS{popescu2018flexpoint,
author={V. {Popescu} and M. {Nassar} and X. {Wang} and E. {Tumer} and T. {Webb}},
booktitle={In Proc. of the 25th IEEE Symposium on Computer Arithmetic (ARITH'18)},
title={Flexpoint: Predictive Numerics for Deep Learning},
year={2018},
volume={},
number={},
pages={1-4},
keywords={convolution;feedforward neural nets;floating point arithmetic;learning (artificial intelligence);convolutional neural networks;Flexpoint;deep learning;general scientific computing;deep neural network training;predictive exponent management algorithm;blocked fixed-point data type;Tensile stress;Training;Hardware;Machine learning;Neural networks;Prediction algorithms;Market research;Flexpoint;Deep Learning;Neural Networks},
doi={10.1109/ARITH.2018.8464801},
ISSN={},
month={June},}

@INPROCEEDINGS{malossi2018trans,
author={A. C. I. {Malossi} and M. {Schaffner} and A. {Molnos} and L. {Gammaitoni} and G. {Tagliavini} and A. {Emerson} and A. {Tomás} and D. S. {Nikolopoulos} and E. {Flamand} and N. {Wehn}},
booktitle={In Proc. of the Design, Automation Test in Europe Conference Exhibition (DATE'18)},
title={The transprecision computing paradigm: Concept, design, and applications},
year={2018},
volume={},
number={},
pages={1105--1110},
doi={10.23919/DATE.2018.8342176}
}

@misc {turingwhitepaper,
title = {{NVIDIA} {T}uring {GPU} {A}rchitecture, graphics reinvented},
howpublished = {\url{https://www.nvidia.com/content/dam/en-zz/Solutions/design-visualization/technologies/turing-architecture/NVIDIA-Turing-Architecture-Whitepaper.pdf}},
pages = {1-80},
year = {2018}
}

@misc {intelvec,
howpublished = {\url{https://software.intel.com/en-us/articles/improve-performance-with-vectorization}},
title = {Improve performance with vectorization},
year = {2016}
}

@misc{armautovec,
howpublished = {\url{http://infocenter.arm.com/help/index.jsp?topic=/com.arm.doc.dht0002a/ch01s04s03.html}},
title= {{ARM} {A}utomatic {V}ectorization},
year = {2009}

}

@misc{armintr,
howpublished = {\url{https://developer.arm.com/tools-and-software/server-and-hpc/arm-architecture-tools/documentation/introducing-scalable-vector-extension-sve}},
title= {{ARM} {HPC} tools for {SVE}}

}

@misc{intelintr,
howpublished = {\url{https://software.intel.com/sites/landingpage/IntrinsicsGuide/}},
title= {Intel intrinsics guide}

}

@misc{tinydnn,
howpublished = {\url{https://github.com/tiny-dnn/tiny-dnn}},
title= {tiny{DNN}},
author = {E. {Riba} and P. {Nyan}}

}

@article{lecun-mnisthandwrittendigit-2010,
  added-at = {2010-06-28T21:16:30.000+0200},
  author = {LeCun, Yann and Cortes, Corinna},
  biburl = {https://www.bibsonomy.org/bibtex/2935bad99fa1f65e03c25b315aa3c1032/mhwombat},
  groups = {public},
  howpublished = {http://yann.lecun.com/exdb/mnist/},
  interhash = {21b9d0558bd66279df9452562df6e6f3},
  intrahash = {935bad99fa1f65e03c25b315aa3c1032},
  keywords = {MSc _checked character_recognition mnist network neural},
  lastchecked = {2016-01-14 14:24:11},
  timestamp = {2016-07-12T19:25:30.000+0200},
  title = {{MNIST} handwritten digit database},
  url = {http://yann.lecun.com/exdb/mnist/},
  username = {mhwombat},
  year = 2010
}


@inproceedings{Houben-IJCNN-2013,
   author = {Sebastian Houben and Johannes Stallkamp and Jan Salmen and Marc Schlipsing and Christian Igel},
   booktitle = {In Proc. of the International Joint Conference on Neural Networks (IJCNN'13)},
   title = {Detection of Traffic Signs in Real-World Images: The {G}erman {T}raffic {S}ign {D}etection {B}enchmark},
   number = {1288},
   year = {2013},
}

@ARTICLE{lecunlenet,
author={Y. {LeCun} and L. {Bottou} and Y. {Bengio} and P. {Haffner}},
journal={Proceedings of the IEEE},
title={Gradient-based learning applied to document recognition},
year={1998},
volume={86},
number={11},
pages={2278-2324},
keywords={optical character recognition;multilayer perceptrons;backpropagation;convolution;gradient-based learning;document recognition;multilayer neural networks;back-propagation;gradient based learning technique;complex decision surface synthesis;high-dimensional patterns;handwritten character recognition;handwritten digit recognition task;2D shape variability;document recognition systems;field extraction;segmentation recognition;language modeling;graph transformer networks;GTN;multimodule systems;performance measure minimization;cheque reading;convolutional neural network character recognizers;Neural networks;Pattern recognition;Machine learning;Optical character recognition software;Character recognition;Feature extraction;Multi-layer neural network;Optical computing;Hidden Markov models;Principal component analysis},
doi={10.1109/5.726791},
ISSN={},
month={Nov},}

@inProceedings{coco2019applepies,
author={Cococcioni, M. and Rossi, F. and Ruffaldi, E. and Saponara, S.},
title = {A Fast Approximation of the Hyperbolic Tangent when Using Posit Numbers and its Application to Deep Neural Networks},
year = {2019},
doi={10.1007/978-3-030-37277-4_25},
booktitle = {Int. Workshop on Applic. in Electronics Pervading Ind., Envir. and Society (ApplePies'19)}
}


@INPROCEEDINGS{coco2019icecs,
author={M. {Cococcioni} and F. {Rossi} and E. {Ruffaldi} and S. {Saponara}},
booktitle={In Proc. of the 26th IEEE International Conference on Electronics, Circuits and Systems (ICECS'19)},
title={Novel Arithmetics to Accelerate Machine Learning Classifiers in Autonomous Driving Applications},
year={2019},
volume={},
number={},
pages={779--782},
doi={10.1109/ICECS46596.2019.8965031}
}


@inProceedings{coco2018exploiting,
title={Exploiting Posit arithmetic for Deep Neural Networks in Autonomous Driving Applications},
author={Cococcioni, M. and Ruffaldi, E. and Saponara, S.},
year= {2018},
doi = {10.23919/EETA.2018.8493233},
booktitle = {In Proc. of the 2018 IEEE International Conference of Electrical and Electronic Technologies for Automotive (Automotive '18)},
pages = {1--6},
}

@misc{epiurl,
  title = {{European Processor Initiative, an H2020 project}},
  howpublished = "\url{https://www.european-processor-initiative.eu/}",
  year={2019-2021}
}

@inproceedings{stallkamp2011gtrsb,
    author = {Johannes Stallkamp and Marc Schlipsing and Jan Salmen and Christian Igel},
    booktitle = {In Proc. of the IEEE International Joint Conference on Neural Networks (IJCNN'11)},
    title = {The {G}erman {T}raffic {S}ign {R}ecognition {B}enchmark: A multi-class classification competition},
    year = {2011},
    pages = {1453--1460}
}

@misc{cbuiltins,
title={ Other Built-in Functions Provided by GCC},
  howpublished = "\url{https://gcc.gnu.org/onlinedocs/gcc/Other-Builtins.html}"

}

@INPROCEEDINGS{arnold2003interval,
author={M. G. {Arnold} and J. {Garcia} and M. J. {Schulte}},
booktitle={In Proc. of the 16th IEEE Symposium on Computer Arithmetic (ARITH'03)},
title={The interval logarithmic number system},
year={2003},
pages={253--261},
doi={10.1109/ARITH.2003.1207686}
}

@incollection{NIPS2017_6698,
title = {Self-Normalizing Neural Networks},
author = {Klambauer, G\"{u}nter and Unterthiner, Thomas and Mayr, Andreas and Hochreiter, Sepp},
booktitle = {Advances in Neural Information Processing Systems 30},
editor = {I. Guyon and U. V. Luxburg and S. Bengio and H. Wallach and R. Fergus and S. Vishwanathan and R. Garnett},
pages = {971--980},
year = {2017},
publisher = {Curran Associates, Inc.},
url = {http://papers.nips.cc/paper/6698-self-normalizing-neural-networks.pdf}
}

@misc{epiTinyDNN,
title={{E}uropean {P}rocessor {I}nitiative: Posit-based tinyDNN},
  howpublished = "\url{https://gitlab.version.fz-juelich.de/epi-wp1-public/tinyDNN}"

}

@INPROCEEDINGS{carmichael2019deeppos,
author={Z. {Carmichael} and H. F. {Langroudi} and C. {Khazanov} and J. {Lillie} and J. L. {Gustafson} and D. {Kudithipudi}},
booktitle={2019 Design, Automation Test in Europe Conference Exhibition (DATE)},
title={Deep Positron: A Deep Neural Network Using the Posit Number System},
year={2019},
volume={},
number={},
pages={1421-1426},
keywords={field programmable gate arrays;fixed point arithmetic;floating point arithmetic;neural chips;neural net architecture;deep neural network;posit number system;memory resources;low-precision numerical formats;low-precision operations;DNN training;DNN architecture;precision-adaptable FPGA soft core;8-bit posit;low-dimensional datasets;hardware resources;8-bit fixed point;32-bit floating-point operations;deep positron;DNN accelerators;multiply-and-accumulate;word length 8.0 bit;Training;Field programmable gate arrays;Dynamic range;Computer architecture;Positrons;Biological neural networks;Neurons;deep neural networks;machine learning;DNN accelerators;posits;floating point;tapered precision;low-precision},
doi={10.23919/DATE.2019.8715262},
ISSN={1530-1591},
month={March},}


@ARTICLE{alcaide2018safetygpu,
author={S. {Alcaide} and L. {Kosmidis} and H. {Tabani} and C. {Hernandez} and J. {Abella} and F. J. {Cazorla}},
journal={IEEE Micro},
title={Safety-Related Challenges and Opportunities for GPUs in the Automotive Domain},
year={2018},
volume={38},
number={6},
pages={46-55},
keywords={automotive electronics;graphics processing units;hardware-software codesign;ISO standards;road safety;traffic engineering computing;GPUs;automotive domain;computing performance;autonomous driving systems;safety regulations;software design;reference computing solution;ISO 26262 functional safety requirements;hardware design;automotive safety regulation;Safety;ISO Standards;Graphics processing units;Hardware acceleration;Automotive engineering;Redundancy;Unmanned autonomous vehicles},
doi={10.1109/MM.2018.2873870},
ISSN={1937-4143},
month={Nov},}


@inproceedings{benedicte2019timing,
author = {Benedicte, Pedro and Abella, Jaume and Hernandez, Carles and Mezzetti, Enrico and Cazorla, Francisco J.},
title = {Towards Limiting the Impact of Timing Anomalies in Complex Real-Time Processors},
year = {2019},
address = {New York, NY, USA},
doi = {10.1145/3287624.3287655},
booktitle = {In Proc. of the 24th Asia and South Pacific Design Automation Conference (ASPDAC'19)},
pages = {27–32},
location = {Tokyo, Japan},
}



@misc{cortexm4,
title={10 useful tips for using the floating point unit on the Cortex-M4},
howpublished="\url{https://community.arm.com/developer/ip-products/processors/b/processors-ip-blog/posts/10-useful-tips-to-using-the-floating-point-unit-on-the-arm-cortex--m4-processor}"}

@Article{coco2020sensors,
AUTHOR = {Cococcioni, Marco and Rossi, Federico and Ruffaldi, Emanuele and Saponara, Sergio},
TITLE = {Fast Approximations of Activation Functions in Deep Neural Networks when using Posit Arithmetic},
JOURNAL = {Sensors},
VOLUME = {20},
YEAR = {2020},
NUMBER = {5},
ARTICLE-NUMBER = {1515},
URL = {https://www.mdpi.com/1424-8220/20/5/1515},
ISSN = {1424-8220}}

@misc{riscvisa,
title={{RISC-V} {ISA} {S}pecification},
howpublished="\url{https://riscv.org/specifications/isa-spec-pdf/}",
year="(Accessed 2020-03-11)"
}

@INPROCEEDINGS{coco_fast_elu_smartcomp,

  author={Cococcioni, Marco and Rossi, Federico and Ruffaldi, Emanuele and Saponara, Sergio},

  booktitle={2020 IEEE International Conference on Smart Computing (SMARTCOMP)}, 

  title={A Novel Posit-based Fast Approximation of ELU Activation Function for Deep Neural Networks}, 

  year={2020},

  volume={},

  number={},

  pages={244-246},

  doi={10.1109/SMARTCOMP50058.2020.00053}}





@article{coco_et_al_ieeespm_2020,
  author={Cococcioni, M. and Rossi, F. and Ruffaldi, E. and Saponara, S.},
  title={Novel Arithmetics in Deep Neural Networks Signal Processing for Autonomous Driving: Challenges and Opportunities},
  journal={IEEE Signal Processing Magazine},
  year={2021},
  volume={38},
  number={1},
  pages={97--110},
}



@misc{fujitsu164fx,
  title = {{Post-K Supercomputer with Fujitsu's Original CPU, A64FX Powered by {ARM} ISA}},
  howpublished = "\url{https://www.fujitsu.com/global/Images/post-k\_supercomputer\_with\_fujitsu's\_original\_cpu\_a64fx\_powered\_by\_arm\_isa.pdf}",
  year={2019}
}

@ARTICLE{PACoGen,  author={M. K. {Jaiswal} and H. K.-H. {So}},  journal={IEEE Access},   title={{PAC}o{G}en: A Hardware Posit Arithmetic Core Generator},   year={2019},  volume={7},  number={},  pages={74586-74601},}

@article{MURILLO2020102762,
title = "Deep PeNSieve: A deep learning framework based on the posit number system",
journal = "Digital Signal Processing",
volume = "102",
pages = "102762",
year = "2020",
issn = "1051-2004",
doi = "https://doi.org/10.1016/j.dsp.2020.102762",
url = "http://www.sciencedirect.com/science/article/pii/S105120042030107X",
author = "Raul Murillo and Alberto A. {Del Barrio} and Guillermo Botella",
keywords = "Posit arithmetic, Deep neural network, Training, Inference, Floating-point arithmetic",
}

@article{waterman2011risc,
  title={The {RISC-V} instruction set manual, volume {I}: Base user-level {ISA}},
  author={Waterman, Andrew and Lee, Yunsup and Patterson, David A and Asanovic, Krste},
  journal={EECS Department, UC Berkeley, Tech. Rep. UCB/EECS-2011-62},
  volume={116},
  year={2011}
}

@INPROCEEDINGS{burgess2019bfloat,
author={N. {Burgess} and J. {Milanovic} and N. {Stephens} and K. {Monachopoulos} and D. {Mansell}},
booktitle={2019 IEEE 26th Symposium on Computer Arithmetic (ARITH)},
title={Bfloat16 Processing for Neural Networks},
year={2019},
volume={},
number={},
pages={88-91},
keywords={floating point arithmetic;neural nets;bfloat16 processing;high-performance processing;Neural Network accelerators;BF16 multiply-accumulation operation;low-cost hardware implementations;nonstandard rounding mode;IEEE exception flags;network-level accuracy;IEEE single-precision arithmetic;neural networks;IEEE floating-point standard features;FP32;GPU architectures;CPU architectures;Artificial neural networks;Computer architecture;Training;Error analysis;Digital arithmetic;Standards;floating-point, rounding mode, neural networks},
doi={10.1109/ARITH.2019.00022},
ISSN={1063-6889},
month={June},}

 @article{johnson2018rethink,
  author    = {Jeff Johnson},
  title     = {Rethinking floating point for deep learning},
  journal   = {CoRR},
  volume    = {abs/1811.01721},
  year      = {2018},
  url       = {http://arxiv.org/abs/1811.01721},
  archivePrefix = {arXiv},
  eprint    = {1811.01721},
  timestamp = {Thu, 22 Nov 2018 17:58:30 +0100},
  biburl    = {https://dblp.org/rec/bib/journals/corr/abs-1811-01721},
  bibsource = {dblp computer science bibliography, https://dblp.org}
}

@article{coco2019ftanh,
author={Cococcioni, M. and Rossi, F. and Ruffaldi, E. and Saponara, S.},
title = {A Fast Approximation of the Hyperbolic Tangent when Using Posit Numbers and its Application to Deep Neural Networks},
year = {2019},
journal = {Int. Workshop on Applic. in Electronics Pervading Ind., Envir. and Society (ApplePies'19)},
url={http://dx.doi.org/10.1007/978-3-030-37277-4_25}
}

@INPROCEEDINGS{deeppositron, author={Z. {Carmichael} and H. F. {Langroudi} and C. {Khazanov} and J. {Lillie} and J. L. {Gustafson} and D. {Kudithipudi}}, booktitle={2019 Design, Automation Test in Europe Conference Exhibition (DATE)}, title={Deep Positron: A Deep Neural Network Using the Posit Number System}, year={2019}, volume={}, number={}, pages={1421-1426},}

@inproceedings{positnn,
author = {Fatemi Langroudi, Seyed Hamed and Carmichael, Zachariah and Gustafson, John and Kudithipudi, Dhireesha},
year = {2019},
month = {07},
pages = {53-59},
title = {PositNN Framework: Tapered Precision Deep Learning Inference for the Edge},
doi = {10.1109/SpaceComp.2019.00011}
}

@ARTICLE{Lu_et_al_2020, author={J. {Lu} and C. {Fang} and M. {Xu} and J. {Lin} and Z. {Wang}}, journal={IEEE Transactions on Computers}, title={Evaluations on Deep Neural Networks Training Using Posit Number System}, year={2020}, volume={}, number={}, pages={1-1},}

@INPROCEEDINGS{jaiswal2018universal, 
author={M. K. {Jaiswal} and H. K.-H. {So}}, 
booktitle={2018 Design, Automation Test in Europe Conference Exhibition (DATE)}, 
title={Universal number posit arithmetic generator on {FPGA}}, 
year={2018}, 
volume={}, 
number={}, 
pages={1159--1162}, 
doi={10.23919/DATE.2018.8342187}, 
ISSN={1558-1101}, 
}

@INPROCEEDINGS{chaurasiya2018parametrized, 
author={R. {Chaurasiya} and J.L. {Gustafson} and R. {Shrestha} and J. {Neudorfer} and S. {Nambiar} and K. {Niyogi} and F. {Merchant} and R. {Leupers}}, 
booktitle={2018 IEEE 36th International Conference on Computer Design (ICCD)}, 
title={Parameterized Posit Arithmetic Hardware Generator}, 
year={2018}, 
volume={}, 
number={}, 
pages={334--341}, 
doi={10.1109/ICCD.2018.00057}, 
ISSN={2576-6996}, 
}


@misc{riscvabout,
  title = {{RISC-V History}},
  howpublished = "\url{https://riscv.org/risc-v-history/}",
  year={Accessed May 28th, 2020}
}


@ARTICLE{9035440,
  author={H. {Zhang} and S. {Ko}},
  journal={IEEE Transactions on Circuits and Systems II: Express Briefs}, 
  title={Design of Power Efficient Posit Multiplier}, 
  year={2020},
  volume={67},
  number={5},
  pages={861-865},}
  
  
@misc{riscvisasim,
  title = {{Spike, a RISC-V ISA Simulator}},
  howpublished = "\url{https://github.com/riscv/riscv-isa-sim}",
  year={Accessed July 7th, 2020}
}

@article{tiwari2019peri,
  author    = {Sugandha Tiwari and
               Neel Gala and
               Chester Rebeiro and
               V. Kamakoti},
  title     = {{PERI:} {A} Posit Enabled {RISC-V} Core},
  journal   = {CoRR},
  volume    = {abs/1908.01466},
  year      = {2019},
  url       = {http://arxiv.org/abs/1908.01466},
  archivePrefix = {arXiv},
  eprint    = {1908.01466},
  timestamp = {Thu, 10 Sep 2020 09:33:05 +0200},
  biburl    = {https://dblp.org/rec/journals/corr/abs-1908-01466.bib},
  bibsource = {dblp computer science bibliography, https://dblp.org}
}

@misc{jain2020clarinet,
      title={CLARINET: A RISC-V Based Framework for Posit Arithmetic Empiricism}, 
      author={Riya Jain and Niraj Sharma and Farhad Merchant and Sachin Patkar and Rainer Leupers},
      year={2020},
      eprint={2006.00364},
      archivePrefix={arXiv},
      primaryClass={cs.AR}
}

@article{coco_et_al_nca, 
author={M. {Cococcioni} and F. {Rossi} and E. {Ruffaldi} and S. {Saponara}},
  title = {{Vectorizing posit operations on RISC-V for faster deep neural networks: experiments and comparison with ARM SVE}}, 
  issn = {1433-3058}, 
  doi = {10.1007/s00521-021-05814-0}, 
  journal = {Journal of Neural Computing and Applications }, 
  url = {https://doi.org/10.1007/s00521-021-05814-0},
  year = {2021}
}

@article{coco_et_al_jrtip_2020, 
author={M. {Cococcioni} and F. {Rossi} and E. {Ruffaldi} and S. {Saponara}},
  title = {{Fast deep neural networks for image processing using posits and ARM scalable vector extension}}, 
  issn = {1861-8200}, 
  doi = {10.1007/s11554-020-00984-x}, 
  pages = {1--13}, 
  journal = {Journal of Real-Time Image Processing}, 
  year = {2020}
}

@article{mantovani2018performance,
  title={Performance and power analysis of {HPC} workloads on heterogeneous multi-node clusters},
  author={Mantovani, Filippo and Calore, Enrico},
  journal={Journal of Low Power Electronics and Applications},
  volume={8},
  number={2},
  pages={13},
  year={2018},
  publisher={Multidisciplinary Digital Publishing Institute}
}

@inproceedings{pillet1995paraver,
  title={Paraver: {A} tool to visualize and analyze parallel code},
  author={Pillet, Vincent and Labarta, Jes{\'u}s and Cortes, Toni and Girona, Sergi},
  booktitle={Proceedings of WoTUG-18: transputer and occam developments},
  volume={44},
  number={1},
  pages={17--31},
  year={1995},
  organization={Citeseer}
}

@inproceedings{dinechin2019eval,
author = {Uguen, Yohann and Forget, Luc and Dinechin, Florent},
year = {2019},
month = {09},
pages = {106-113},
title = {Evaluating the Hardware Cost of the Posit Number System},
doi = {10.1109/FPL.2019.00026}
}

@ARTICLE{893287, 
author={}, 
journal={IEEE Std. 754-2008}, 
title={{IEEE Standard for Floating-Point Arithmetic}}, 
year={2008}, 
doi={https://standards.ieee.org/ieee/754/4211/}, 
}


@article{naveen2019mixed,
  author    = {Naveen Mellempudi and
               Sudarshan Srinivasan and
               Dipankar Das and
               Bharat Kaul},
  title     = {Mixed Precision Training With 8-bit Floating Point},
  journal   = {CoRR},
  volume    = {abs/1905.12334},
  year      = {2019},
  url       = {http://arxiv.org/abs/1905.12334},
  eprinttype = {arXiv},
  eprint    = {1905.12334},
  timestamp = {Mon, 03 Jun 2019 13:42:33 +0200},
  biburl    = {https://dblp.org/rec/journals/corr/abs-1905-12334.bib},
  bibsource = {dblp computer science bibliography, https://dblp.org}
}

@INPROCEEDINGS{9151086,  author={Langroudi, Hamed F. and Karia, Vedant and Gustafson, John L. and Kudithipudi, Dhireesha},  booktitle={2020 IEEE/CVF Conference on Computer Vision and Pattern Recognition Workshops (CVPRW)},   title={Adaptive Posit: Parameter aware numerical format for deep learning inference on the edge},   year={2020},  volume={},  number={},  pages={3123-3131},  doi={10.1109/CVPRW50498.2020.00371}}

@misc{softposit,
  author = {Leong, Cerlane},
  title = {SoftPosit},
  year = {2022},
  publisher = {GitLab},
  journal = {GitLab repository},
  howpublished = {\url{https://gitlab.com/cerlane/SoftPosit}}
 }
 
 @misc{svewhitepaper,
  title = {A sneak peek into {SVE} and {VLA} programming},
  howpublished = "\url{https://developer.arm.com/solutions/hpc/resources/hpc-white-papers/a-sneak-peek-into-sve-and-vla-programming}",
  year={2018}
}

@inproceedings{Ioffe:2015:BNA:3045118.3045167,
 author = {Ioffe, Sergey and Szegedy, Christian},
 title = {Batch Normalization: Accelerating Deep Network Training by Reducing Internal Covariate Shift},
 booktitle = {Proceedings of the 32Nd International Conference on International Conference on Machine Learning - Volume 37},
 series = {ICML'15},
 year = {2015},
 location = {Lille, France},
 pages = {448--456},
 numpages = {9},
 url = {http://dl.acm.org/citation.cfm?id=3045118.3045167},
 acmid = {3045167},
 publisher = {JMLR.org},
} 

@misc{kukaka2017regularization,
    title={Regularization for Deep Learning: A Taxonomy},
    author={Jan Kukačka and Vladimir Golkov and Daniel Cremers},
    year={2017},
    eprint={1710.10686},
    archivePrefix={arXiv},
    primaryClass={cs.LG}
}

@article{plaut1986experiments,
  title={Experiments on Learning by Back Propagation.},
  author={Plaut, David C and others},
  year={1986},
  publisher={ERIC}
}

@article{Krizhevsky:2017:ICD:3098997.3065386,
 author = {Krizhevsky, Alex and Sutskever, Ilya and Hinton, Geoffrey E.},
 title = {ImageNet Classification with Deep Convolutional Neural Networks},
 journal = {Commun. ACM},
 issue_date = {June 2017},
 volume = {60},
 number = {6},
 month = may,
 year = {2017},
 issn = {0001-0782},
 pages = {84--90},
 numpages = {7},
 url = {http://doi.acm.org/10.1145/3065386},
 doi = {10.1145/3065386},
 acmid = {3065386},
 publisher = {ACM},
 address = {New York, NY, USA},
} 

@article{JMLR:v15:srivastava14a,
  author  = {Nitish Srivastava and Geoffrey Hinton and Alex Krizhevsky and Ilya Sutskever and Ruslan Salakhutdinov},
  title   = {Dropout: A Simple Way to Prevent Neural Networks from Overfitting},
  journal = {Journal of Machine Learning Research},
  year    = {2014},
  volume  = {15},
  pages   = {1929-1958},
  url     = {http://jmlr.org/papers/v15/srivastava14a.html}
}

@ARTICLE{9066876, author={J. {Lu} and C. {Fang} and M. {Xu} and J. {Lin} and Z. {Wang}}, journal={IEEE Transactions on Computers}, title={Evaluations on Deep Neural Networks Training Using Posit Number System}, year={2020}, volume={}, number={}, pages={1-1},}

@ARTICLE{ppulight,
  author={Cococcioni, Marco and Rossi, Federico and Ruffaldi, Emanuele and Saponara, Sergio},
  journal={IEEE Transactions on Emerging Topics in Computing}, 
  title={A Lightweight Posit Processing Unit for RISC-V Processors in Deep Neural Network Applications}, 
  year={2021},
  volume={},
  number={},
  pages={1-1},
  doi={10.1109/TETC.2021.3120538}}

@ARTICLE{milenkovic_modular_2015,
       author = {{Milenkovi{\'c}}, Neboj{\v{s}}a Z. and {Stankovi{\'c}}, Vladimir V. and {Mili{\'c}}, Miljana Lj.},
        title = "{Modular Design Of Fast Leading Zeros Counting Circuit}",
      journal = {Journal of Electrical Engineering},
     keywords = {leading zeros count, all zeros detection, modular design},
         year = 2015,
        month = nov,
       volume = {66},
       number = {6},
          eid = {54},
        pages = {54},
          doi = {10.2478/jee-2015-0054},
       adsurl = {https://ui.adsabs.harvard.edu/abs/2015JEE....66...54M},
      adsnote = {Provided by the SAO/NASA Astrophysics Data System}
}

@article{dimitrakopoulos_low-power_2008,
    title = {Low-{Power} {Leading}-{Zero} {Counting} and {Anticipation} {Logic} for {High}-{Speed} {Floating} {Point} {Units}},
    volume = {16},
    issn = {1063-8210},
    url = {http://ieeexplore.ieee.org/document/4539802/},
    doi = {10.1109/TVLSI.2008.2000458},
    number = {7},
    urldate = {2022-05-29},
    journal = {IEEE Transactions on Very Large Scale Integration (VLSI) Systems},
    author = {Dimitrakopoulos, Giorgos and Galanopoulos, Kostas and Mavrokefalidis, Christos and Nikolos, Dimitris},
    month = jul,
    year = {2008},
    pages = {837--850},
}


@incollection{lilja_pipelining_2004,
    address = {Cambridge},
    title = {Pipelining},
    isbn = {978-0-521-82866-6},
    url = {https://www.cambridge.org/core/books/designing-digital-computer-systems-with-verilog/pipelining/DAFC6CA95F16B275361D88CD31E5C6D3},
    abstract = {If you were plowing a field, which would you rather use? Two strong oxen or 1024 chickens?Seymour Cray (1925–1996), father of supercomputingInstruction partitioning for pipeliningIn Section 4.3 we learned that the execution of a processor instruction consists of two basic steps: fetching the instruction from memory, and then executing it. In the simplest implementation of a processor, the complete fetch-execute cycle would be completed for one instruction before the next one begins. We saw this type of one-instruction-at-a-time operation in the algorithmic behavioral model in Chapter 4. To speed up the execution of instructions, however, we can break the fetch-execute cycle into several simpler sub-operations. We then can overlap the execution of different instructions in an assembly line fashion where each step in the assembly line is dedicated to performing one specific operation for each instruction. This assembly line processing is called pipelining.The first step in designing a pipeline for a processor is to determine the smaller sub-operations within the fetch-execute cycle that must be performed to execute an instruction. For the VeSPA processor, each instruction will perform some of the following sub-operations, although not all of the instructions will perform all of the operations:Fetch the instruction from memory.Increment the program counter.Fetch the operands from the registers.Compute a memory address.Read an operand from memory.Write a result to the memory or to a register.The next step in designing the pipeline for VeSPA, or for any other processor ISA, is to determine how these individual operations should be partitioned into the different stages of the pipeline.},
    urldate = {2022-06-04},
    booktitle = {Designing {Digital} {Computer} {Systems} with {Verilog}},
    publisher = {Cambridge University Press},
    editor = {Lilja, David J. and Sapatnekar, Sachin S.},
    year = {2004},
    doi = {10.1017/CBO9780511607059.007},
    pages = {94--104},
    file = {Snapshot:/Users/fran/Zotero/storage/BUZQZZKS/DAFC6CA95F16B275361D88CD31E5C6D3.html:text/html},
}


@article{leiserson_retiming_1991,
    title = {Retiming synchronous circuitry},
    volume = {6},
    issn = {0178-4617, 1432-0541},
    url = {http://link.springer.com/10.1007/BF01759032},
    doi = {10.1007/BF01759032},
    language = {en},
    number = {1-6},
    urldate = {2022-06-09},
    journal = {Algorithmica},
    author = {Leiserson, Charles E. and Saxe, James B.},
    month = jun,
    year = {1991},
    pages = {5--35},
}

@incollection{muller_hardware_2010,
    address = {Boston},
    title = {Hardware {Implementation} of {Floating}-{Point} {Arithmetic}},
    isbn = {978-0-8176-4705-6},
    url = {https://doi.org/10.1007/978-0-8176-4705-6_9},
    abstract = {The previous chapter has shown that operations on floating-point numbers are naturally expressed in terms of integer or fixed-point operations on the significand and the exponent. For instance, to obtain the product of two floating-point numbers, one basically multiplies the significands and adds the exponents. However, obtaining the correct rounding of the result may require considerable design effort and the use of nonarithmetic primitives such as leading-zero counters and shifters. This chapter details the implementation of these algorithms in hardware, using digital logic.},
    language = {en},
    urldate = {2022-04-09},
    booktitle = {Handbook of {Floating}-{Point} {Arithmetic}},
    publisher = {Birkhäuser},
    author = {Muller, Jean-Michel and Brisebarre, Nicolas and de Dinechin, Florent and Jeannerod, Claude-Pierre and Lefèvre, Vincent and Melquiond, Guillaume and Revol, Nathalie and Stehlé, Damien and Torres, Serge},
    editor = {Muller, Jean-Michel and Brisebarre, Nicolas and de Dinechin, Florent and Jeannerod, Claude-Pierre and Lefèvre, Vincent and Melquiond, Guillaume and Revol, Nathalie and Stehlé, Damien and Torres, Serge},
    year = {2010},
    doi = {10.1007/978-0-8176-4705-6_9},
    pages = {269--320},
}

@misc{drom,
    title = {Reciprocal {Approximation} / {Aliaksei} {Chapyzhenka} / {Observable}},
    url = {https://observablehq.com/@drom/reciprocal-approximation},
    urldate = {2022-03-23},
}

@misc{tan2020efficientdet,
      title={EfficientNet: Rethinking Model Scaling for Convolutional Neural Networks}, 
      author={M. Tan and Q. V. Le},
      year={2020},
      eprint={1905.11946},
      archivePrefix={arXiv},
      primaryClass={cs.LG}
}

@article{Liu_2016,
   title={SSD: Single Shot MultiBox Detector},
   ISBN={9783319464480},
   ISSN={1611-3349},
   url={http://dx.doi.org/10.1007/978-3-319-46448-0_2},
   DOI={10.1007/978-3-319-46448-0_2},
   journal={Lecture Notes in Computer Science},
   publisher={Springer International Publishing},
   author={Liu, W. and Anguelov, D. and Erhan, D. and Szegedy, C. and Reed, Scott and Fu, Cheng-Yang and Berg, Alexander C.},
   year={2016},
   pages={21–37}
}


@TECHREPORT{Krizhevsky09learningmultiple,
    author = {A. Krizhevsky},
    title = {Learning multiple layers of features from tiny images},
    institution = {},
    year = {2009}
}


@misc{recht2019imagenet,
      title={Do ImageNet Classifiers Generalize to ImageNet?}, 
      author={B. Recht and Rebecca Roelofs and Ludwig Schmidt and Vaishaal Shankar},
      year={2019},
      eprint={1902.10811},
      archivePrefix={arXiv},
      primaryClass={cs.CV}
}

@misc{pascal-voc-2007,
	author = "Everingham, M. and Van~Gool, L. and Williams, C. K. I. and Winn, J. and Zisserman, A.",
	title = "The {PASCAL} {V}isual {O}bject {C}lasses {C}hallenge 2007 {(VOC2007)} {R}esults",
	howpublished = "\url{http://www.pascal-network.org/challenges/VOC/voc2007/workshop/index.html}"
}	

@Inbook{Hale2015,
author="Hale, Nicholas",
editor="Engquist, Bj{\"o}rn",
title="Chebyshev Polynomials",
bookTitle="Encyclopedia of Applied and Computational Mathematics",
year="2015",
publisher="Springer Berlin Heidelberg",
address="Berlin, Heidelberg",
pages="203--205",
isbn="978-3-540-70529-1",
doi="10.1007/978-3-540-70529-1_126",
url="https://doi.org/10.1007/978-3-540-70529-1_126"
}

@Inbook{Hale2015_a,
author="Hale, Nicholas",
editor="Engquist, Bj{\"o}rn",
title="Chebyshev Polynomials",
bookTitle="Encyclopedia of Applied and Computational Mathematics",
year="2015",
publisher="Springer Berlin Heidelberg",
address="Berlin, Heidelberg",
pages="203--205",
isbn="978-3-540-70529-1",
doi="10.1007/978-3-540-70529-1_126",
url="https://doi.org/10.1007/978-3-540-70529-1_126"
}

